@book{xinpian2,
  title={芯片产业发展现状与展望},
  author={刘赟;周爽;},
  journal={现代商业},
  year={2021},
}
@article{xinpian,
  title={中国芯片产业发展路径选择研究},
  author={杨莹;张志娟;芦娜;},
  journal={现代雷达},
  year={2021},
}
@article{TZContainer,
  title={TZ-Container: protecting container from untrusted OS with ARM TrustZone},
  author={ Zhichao HUA;Yang YU;Jinyu GU;Yubin XIA;Haibo CHEN;Binyu ZANG;},
  journal={Science China(Information Sciences)},
  number={64},
}
@Misc{CVE,
howpublished = {[EB/OL]},
note = {\url{https://nvd.nist.gov/vuln/detail/CVE-2019-5736s}},
title = {CVE-2019-5736 Detail},
author = {NATIONAL VULNERABILITY DATABASE}
}
@article{yunjisuan,
  title={云计算虚拟化技术的发展与趋势探讨},
  author={王冶},
  journal={中国新通信},
  year={2020},
}